@misc{generatedata,
    title = {Sitio para generar datos aleatorios},
    howpublished= {\url{http://www.generatedata.com/}}
}

@misc{dataset:2013,
    year = {2013},
    title = {Dataset de accidentes a√©reos, 1908-2013},
    howpublished= {\url{https://opendata.socrata.com/Government/Airplane-Crashes-and-Fatalities-Since-1908/q2te-8cvq}}
}

@misc{apellidos:2012,
    year = {2012},
    title = {Dataset de apellidos y nombres},
    howpublished= {\url{https://github.com/marcboquet/spanish-names}}
}

@misc{pev,
    title = {PEV. Postgres EXPLAIN Visualizer},
    howpublished= {\url{http://tatiyants.com/pev/#/plans}}
}
