@ONLINE{datasets,
    author = "OpenFlights",
    title  = "Datos de aeropuertos y aerolíneas",
    year   = "2017",
    url    = "https://openflights.org/data.html"
}
@ONLINE{compuestos,
    author = "Wikipedia",
    title  = "Tipos de compuesto de una pista de aviación",
    year   = "2017",
    url    = "https://en.wikipedia.org/wiki/Runway"
}
@ONLINE{oid,
    author = "PostgreSQL",
    title  = "\emph{Object Identifier Types}",
    year   = "2018",
    url    = "https://www.postgresql.org/docs/9.1/static/datatype-oid.html"
}
@ONLINE{any,
    author = "PostgreSQL",
    title  = "Operador \emph{ANY}",
    year   = "2018",
    url    = "https://www.postgresql.org/docs/9.6/static/functions-comparisons.html"
}
@ONLINE{pattern,
    author = "PostgreSQL",
    title  = "\emph{Pattern Matching}",
    year   = "2018",
    url    = "https://www.postgresql.org/docs/9.6/static/functions-matching.html"
}
