@misc{grant,
    title = {Documentación de PostgreSQL del comando GRANT},
    howpublished= {\url{https://www.postgresql.org/docs/9.6/static/sql-grant.html}}
}

@misc{revoke,
    title = {Documentación de PostgreSQL del comando REVOKE},
    howpublished= {\url{https://www.postgresql.org/docs/9.6/static/sql-revoke.html}}
}

@manual{trigger,
    title = {Filminas presentadas durante la clase teórica de Bases de Datos II},
    year = {2018},
    organization = {UNPSJB, Trelew},

}
